3030 4996
673 217 889 279 ,54-

197 412 255 462 sno
283 393 421 461 arbitrio
454 393 494 459 de
524 394 694 478 republica
724 394 797 462 fieri
827 399 983 478 oporteat
1011 393 1118 462 donea.
1166 395 1280 478 Atque
1310 394 1371 462 im·

196 501 309 586 primis
332 501 367 568 id
391 500 607 585 spectandum
630 519 713 587 esse,
736 507 775 569 ut
791 501 823 568 ei
838 502 894 585 qui
909 502 943 570 in
960 504 1059 570 onmis
1083 507 1154 570 tum
1169 499 1237 569 sint
1252 506 1375 569 eontra

195 609 432 693 rempublicam
455 614 491 678 et
514 610 614 678 duras
638 614 675 678 et
697 609 833 695 milites,
858 609 1005 680 civiliter
1027 615 1129 693 atque
1153 609 1257 677 amine
1280 614 1375 677 trao-

195 720 321 785 tantur.

133 830 152 869 *
303 832 399 890 τοῦτο
422 824 481 907 γὰρ
507 823 541 912 (ξ
566 829 598 909 4)
622 830 682 889 καὶ
710 829 860 890 δίκαιον
888 831 947 889 καὶ
974 828 1166 907 συμφέρον
1192 821 1280 904 ἡμῖν
1308 825 1376 888 ἐστι

197 942 199 946 “
302 933 379 1014 μήτε
405 932 583 1014 ἐπειχθῆναι
615 933 691 1014 μήτε
718 936 883 1015 προπετῶς
909 958 938 997 τι
964 937 1094 1016 πρᾶξαι,
1128 928 1194 997 ἀλλ’
1225 933 1374 1010 ἐπισχεῖν,

303 1044 353 1102 καὶ
376 1039 487 1122 καιρόν
509 1064 578 1104 τινα
601 1045 653 1104 καὶ
676 1039 784 1116 αὐτοῖς
806 1041 931 1118 ἐκείνοις
953 1047 1003 1105 καὶ
1026 1056 1095 1118 τοῖς
1117 1039 1323 1121 στρατιώταις
1343 1041 1377 1117 ἐς

303 1144 340 1212 τὸ
363 1157 591 1230 μετανοῆσαι
615 1147 729 1225 δόντας
751 1148 852 1213 ἔπειτα
877 1198 936 1215 ...
959 1149 1133 1232 προστάξαι
1156 1185 1200 1199 -

287 1255 449 1328 Oonieras
485 1256 529 1323 ad
563 1258 677 1323 horum
711 1259 899 1342 posteriora
927 1257 1065 1327 Diodoti
1094 1256 1376 1341 Mytilenaeorum

198 1363 331 1448 patroni
354 1365 458 1433 verba
481 1384 511 1447 q.
536 1383 562 1431 s.
588 1365 701 1448 (Thno.
723 1368 791 1452 Hi,
815 1373 867 1448 46,
895 1369 926 1449 1)

304 1469 357 1556 (ον’
386 1470 461 1554 χρὴ)
497 1468 685 1538 ἀνέλπιστον
719 1478 906 1555 καταστῆσαι
936 1489 1003 1552 τοῖς
1034 1470 1204 1538 ἀποστᾶσιν
1236 1453 1281 1546 ὦς
1313 1471 1375 1536 οὐκ

303 1579 387 1644 ἔσται
409 1589 649 1660 μεταγνῶναι
673 1621 724 1667 -,

198 1706 271 1755 enm
294 1687 439 1756 dictione
460 1708 546 1772 quae
566 1693 619 1758 est
633 1689 729 1758 initio
751 1691 940 1759 sententiae
958 1689 1151 1771 Cassianae,
1177 1688 1282 1756 (ileon
1299 1707 1374 1756 oon·

197 1794 339 1863 trorinm
355 1794 472 1863 Caleni
488 1797 609 1881 agendi
625 1799 754 1865 modum
772 1799 985 1875 commendet,
1010 1816 1072 1880 qno
1089 1796 1143 1880 qni
1160 1795 1375 1864 desciverant

197 1904 394 1989 gravissime
416 1905 610 1988 puniantur:

307 2013 559 2100 (Th.111,40,
585 2011 618 2099 4)
647 2014 688 2076 τά
717 2036 754 2076 τε
783 2016 906 2076 δίκαια
932 2013 963 2087 ἐς
992 2016 1223 2093 Μυτιληναίους
1250 2015 1304 2074 καὶ
1330 2008 1377 2074 τὰ

305 2120 479 2202 ξύμφορα
507 2112 579 2198 ἅμα
603 2119 753 2202 ποιήσετε.
