3030 4996
573 640 864 781 Vita.

221 1038 333 1104 Natus
360 1056 431 1103 sum
453 1038 618 1102 Frnestus
642 1036 753 1102 Bruno
777 1035 991 1118 Kyhnitzsch
1013 1034 1159 1116 Lipsiae,
1184 1035 1219 1100 in
1243 1055 1308 1116 qua

134 1148 213 1213 urbe
237 1148 344 1210 totam
367 1144 475 1209 adhuc
499 1143 576 1226 degi
600 1147 756 1225 aetatem,
781 1163 810 1208 a.
827 1143 856 1207 d.
874 1143 1014 1212 XVIII.
1032 1142 1111 1207 Kal.
1126 1142 1205 1207 Mai.
1231 1142 1308 1207 anni

132 1255 163 1318 h.
180 1272 204 1318 s.
229 1248 574 1332 duodeseptuagesimi
597 1253 692 1332 patre
715 1249 894 1331 Wigando,
927 1267 1024 1328 quem
1051 1268 1123 1313 cum
1147 1268 1228 1331 puer
1250 1269 1308 1314 un-

135 1359 241 1426 decim
264 1376 371 1423 essem
395 1375 561 1437 annorum,
592 1354 688 1419 111111
717 1358 855 1441 mature
871 1354 958 1419 diem
981 1373 1163 1436 supremum
1189 1354 1310 1421 obiisse

136 1463 356 1546 maximopere
381 1463 485 1538 doleo,
517 1467 625 1526 matre
650 1459 805 1526 Oarolina
836 1460 876 1524 de
907 1466 1006 1543 gente
1031 1461 1310 1528 Gebhardtiorum

135 1569 393 1637 Zeulemodensi
417 1569 523 1634 adhuc
546 1566 733 1649 superstite.
772 1565 889 1631 Fidem
904 1567 1059 1648 profiteor
1075 1567 1310 1649 evangelicam.

137 1679 321 1758 Postquam
343 1675 532 1741 litterarum
554 1672 749 1740 rudimentis
765 1672 910 1739 imbutus
931 1692 1002 1738 sum
1026 1672 1202 1754 discipulus
1219 1674 1310 1738 scho-

138 1785 244 1849 larum
268 1782 411 1849 civilium
438 1801 519 1862 quas
542 1784 665 1847 vocant
687 1778 812 1860 primae
837 1783 870 1844 et
894 1779 1028 1862 tertiae,
1056 1779 1131 1845 inde
1156 1800 1176 1845 a
1199 1799 1311 1845 mense

137 1889 248 1973 Aprili
272 1889 447 1955 1111111.
472 1886 754 1969 undeoctogesimi
781 1906 841 1967 per
863 1904 981 1952 novem
1005 1904 1107 1950 annos
1131 1885 1198 1950 adii
1221 1906 1311 1970 gym-

138 1997 268 2064 nasium
284 1994 543 2069 Nicolaitanum,
569 1993 622 2058 cui
644 1997 824 2074 praeerant-
841 1991 1032 2058 Theodorus
1047 1993 1157 2075 Vogel
1180 1997 1215 2058 et
1238 1999 1314 2075 post

139 2124 212 2169 eum
245 2101 386 2166 Carolus
416 2099 569 2184 Maphoff.
622 2099 833 2164 Maturitatis
870 2097 1058 2163 testimonio
1091 2105 1226 2164 ornatus
1257 2117 1316 2180 per

140 2206 312 2273 duodecim
328 2224 458 2270 menses
475 2205 641 2287 stipendia
656 2206 769 2270 merui.
804 2203 930 2288 Quibus
947 2204 1092 2286 peractis
1108 2205 1197 2269 inter
1213 2206 1314 2270 alum·

139 2333 200 2380 nos
213 2314 322 2378 almae
334 2311 452 2378 matris
461 2311 645 2393 Lipsiensis
658 2316 813 2393 receptus
826 2310 943 2377 studiis
952 2310 1158 2394 philologieis
1170 2330 1222 2375 me
1231 2310 1314 2375 dedi.

138 2422 336 2486 Docuerunt
366 2439 418 2484 me
441 2418 504 2486 viri
533 2417 715 2484 doctissimi
738 2419 778 2483 de
801 2417 943 2500 Bahder,
974 2418 1178 2500 Brockhaus,
1210 2418 1316 2499 Brug-

141 2545 249 2608 mann,
265 2527 425 2608 Buresch,
441 2526 565 2607 Flster,
581 2524 721 2607 Heinze,
737 2524 917 2601 Hofmann‚
939 2525 1150 2606 Lamprccht,
1173 2522 1316 2606 Lipsius

140 2631 237 2706 Paul,
267 2632 402 2715 Ratzel,
431 2632 593 2707 Ribbeck,
622 2631 772 2713 Richter,
799 2630 982 2708 Schreiber,
1008 2631 1150 2713 Sieuers,
1173 2631 1316 2696 Wachs-

141 2738 243 2821 muth,
269 2738 408 2821 Wundt,
433 2739 495 2804 Fd.
514 2739 678 2821 Zarneke,
702 2739 758 2803 Fr.
775 2739 938 2804 Zarncke.
986 2736 1222 2803 Proseminarii
1236 2736 1315 2818 phil.

139 2844 238 2928 Regii
270 2863 330 2926 per
360 2845 428 2910 tria
460 2844 634 2910 semestria
665 2844 790 2910 sodalis
821 2844 869 2909 foi
899 2844 1144 2910 moderantibus
1176 2845 1316 2910 Wachs·

140 2951 277 3033 muthio,
300 2951 425 3034 lipsio,
449 2951 645 3027 Bureschio3
676 2951 846 3031 peridem
869 2951 1027 3032 temporis
1052 2951 1197 3033 spatium
1221 2950 1316 3016 semi-

143 3054 230 3119 narii
251 3056 461 3136 praesidibus
484 3056 608 3138 Lipsio,
625 3056 821 3139 Ribbeckio,
838 3057 1101 3124 Wachsmuthio.
1140 3057 1259 3123 Eidem
1276 3059 1319 3122 ad

142 3160 324 3228 societates
356 3164 499 3247 benigne
530 3183 581 3228 me
613 3163 826 3230 admiserunt.
872 3164 986 3244 Atque
1016 3164 1152 3231 interfui
1178 3166 1318 3231 Wachs·

142 3268 335 3334 muthianae
359 3269 653 3335 exercitationibus
675 3290 734 3352 per
749 3289 809 3336 sex
824 3289 963 3353 menses
986 3270 1237 3337 Ribbeckianae
1260 3291 1319 3354 per

146 3392 245 3439 unum
280 3393 414 3457 annum,
444 3375 625 3456 Lipsianae
648 3397 707 3458 per
731 3376 872 3458 quinque
896 3377 1080 3444 semestria.
1137 3379 1322 3445 Praeterea

145 3478 373 3563 duodeuiginti
395 3499 526 3547 menses
551 3483 718 3549 sodalibus
742 3484 909 3549 semiparii
926 3484 1088 3550 theodisci
1109 3485 1194 3568 Reg.
1213 3492 1320 3551 extra·

142 3585 316 3652 ordinariis
347 3585 396 3652 fui
427 3587 602 3670 ascriptus,
638 3591 722 3671 quod
753 3593 918 3674 regebant
947 3592 1003 3656 Fr.
1027 3592 1181 3658 Zamcke
1212 3599 1248 3658 11
1280 3593 1320 3658 de

138 3694 283 3761 Bahder.

229 3801 389 3869 Omnibus
417 3800 471 3870 his
493 3804 764 3886 praeceptoribus
796 3823 925 3886 semper
955 3804 1101 3889 gratiam
1125 3806 1253 3871 habebo
1277 3826 1319 3874 ex

142 3902 269 3981 intimo,
291 3910 434 3977 maxime
450 3909 576 3993 Lipsio,
592 3910 786 3993 Ribbeckio,
803 3910 1065 3994 Wachsmuthio,
1088 3912 1151 3994 piis
1166 3912 1317 3980 manibus

143 4010 198 4074 Fr.
214 4009 383 4092 Zamekii,
408 4037 426 4082 e
443 4034 578 4098 quorum
595 4020 630 4080 et
646 4017 768 4083 scholis
792 4020 826 4081 et
843 4017 1135 4084 exercitationibus
1159 4039 1317 4085 summum

142 4114 216 4197 cepi
239 4114 392 4183 fructum.
437 4124 615 4205 Nunquam
648 4127 760 4188 autem
791 4141 856 4188 non
887 4123 1016 4191 sincera
1043 4124 1108 4192 fide
1132 4127 1237 4192 colam
1261 4125 1317 4206 qui

144 4220 255 4289 studia
278 4240 352 4288 mea
374 4224 602 4297 liberalissime
626 4226 721 4306 fovit,
746 4228 905 4312 Lipsium.

615 4421 830 4443 ——n-—n-—n—-n
