867 1367
143 161 189 178 ‘tione
204 161 247 178 satis
262 161 346 178 laboriosa
357 161 470 185 investigasse
481 160 522 178 mihi
532 161 608 181 videbar,
623 162 730 182 praereptam

143 193 181 205 esse
191 188 231 205 vidi.
251 189 278 205 De
285 189 317 205 hac
325 188 443 205 dissertatione
451 188 547 205 accuratius
556 188 632 205 iudicium
645 188 689 205 serre
698 193 731 205 non

143 220 197 232 meum
208 216 239 233 est,
262 215 296 233 Sed
307 215 347 232 illud
359 215 474 236 explicandum
485 216 516 235 est,
533 220 561 231 cur
573 215 670 232 Litschiano
683 220 730 236 opus-

144 242 180 259 culo
193 244 299 263 pertractato
314 247 347 258 nun
363 242 462 263 superfluum
478 246 514 258 esse
530 241 659 259 existimaverim
670 242 730 260 iterum

143 269 213 286 eandem
224 269 338 289 quaestionem
350 269 402 286 adire.

187 296 244 317 Atque
256 296 326 316 primum
337 296 401 316 quidem
409 295 495 312 Litschius
507 300 549 316 quae
561 295 650 316 indagavit
661 296 687 312 its.
699 296 730 313 dis-

142 323 204 344 posuit,
219 324 239 339 nt
250 324 330 343 quantum
342 323 375 339 Dio
386 323 474 343 unicuique
490 322 563 339 contioni
574 322 691 343 Thucydideae
703 323 730 339 de-

142 350 183 367 beat
190 349 333 367 demonstraverit.
345 349 383 366 Tali
388 354 427 367 vero
434 349 531 370 disputandi
537 349 584 366 modo
591 349 664 366 adhibito
671 354 730 367 censeo

143 377 167 393 nil
178 377 254 398 cognosci
266 381 315 397 posse
327 376 347 393 de
358 376 417 393 Dionis
429 377 496 393 ratione
508 376 589 397 imitandi,
601 377 656 393 utrum
665 377 731 394 nonnisi

143 404 205 424 passim
218 408 260 424 quae
272 403 315 420 forte
324 403 431 424 Thucydides
443 403 520 420 memoria
532 403 602 420 tenebat
614 403 648 420 suis
657 403 730 420 commis-

143 430 197 447 cuerit
211 435 233 447 an
245 430 320 447 consulto
331 430 410 450 quasdam
426 431 484 451 partes
500 430 554 451 operis
569 430 595 446 sui
606 430 629 447 ad
640 431 730 451 exemplum

144 457 245 478 Thucydidis
257 457 371 478 composuerit.
389 457 484 478 Propterea
494 457 569 477 equidem
581 457 606 474 ita
617 462 652 474 rem
659 457 729 477 institui,

143 485 162 500 ut
174 484 259 501 contiones
271 484 363 501 Cassianae
376 484 472 501 continente
484 483 561 501 oratione
575 484 684 505 amplecterer
698 484 730 501 sin-

144 511 196 532 gulas.

187 538 224 554 Iam
236 537 308 554 arbitror
324 542 345 554 ex
360 537 461 558 comparatis
477 538 561 554 amborum
577 537 678 555 orationibus
692 542 731 554 non-

143 564 190 581 nulla
201 569 250 585 posse
265 564 320 585 repeti
335 564 357 581 ad
372 566 468 581 contextum
479 565 566 582 verborum
581 564 629 581 huius
645 566 674 581 aut
686 564 730 581 illius

143 592 171 608 vel
183 591 296 612 explicandum
309 591 335 608 vel
348 591 471 608 emendandum.
494 591 597 613 Quamquam
612 592 659 608 recte
669 592 702 608 hac
713 591 730 608 in

143 623 162 635 re
173 617 258 635 Litsohius
271 618 370 635 adversatus
377 618 445 635 Nabero
457 618 520 635 monuit
531 623 607 639 magnam
620 618 730 635 adhibendam

144 650 182 662 esse
194 645 291 663 cautionem,
303 650 400 666 persuasum
411 646 469 662 tamen
477 645 516 661 mihi
525 646 551 661 est
559 650 568 661 e
576 644 683 662 similitudine
691 645 730 662 mul-

143 673 197 688 torum
209 671 280 688 [ructum
296 677 344 692 posse
361 672 398 693 capi
410 672 488 691 locorum,
504 677 543 692 quos
559 672 587 688 ille
602 672 678 689 laudavit
694 673 731 688 arte

144 699 203 715 critica
210 703 243 715 uon
253 698 335 718 adhibita:
348 699 381 715 etsi
389 703 507 719 saepenumero
519 699 549 715 hoc
561 699 614 715 solum
626 699 701 720 efficitur,
713 700 732 716 ut

144 725 225 746 quaedam
240 725 290 742 lectio
307 727 336 742 aut
350 725 397 742 libris
413 727 482 742 servata
497 727 527 742 aut
538 731 548 742 a
560 725 595 743 viro
612 725 667 746 aliquo
682 726 731 743 docto

144 752 259 769 commendata
264 752 323 768 Dionis
331 752 425 769 imitatione
433 752 460 769 vel
468 752 504 769 vice
512 757 561 770 versa
568 752 668 774 Thucydidis
676 752 731 769 verbis

143 778 211 800 insuper
222 779 331 795 confirmetur.

187 806 237 822 Adde
252 805 324 822 tertium.
347 806 391 823 Nam
405 806 486 825 Litsohio,
504 806 583 827 siquidem
598 811 631 823 non
646 806 663 823 in
678 806 730 822 conti-

144 832 201 849 onibus
213 832 253 849 solis
265 832 355 854 insudavit,
371 833 400 849 sed
416 833 438 849 ad
454 834 507 850 totum
524 838 564 854 opus
580 834 597 850 et
609 833 731 854 Thucydideum

144 860 162 876 et
173 859 273 876 Cassianum
288 859 323 876 eius
338 859 408 876 studium
421 860 500 880 pertinet,
515 860 582 881 accidit,
594 861 613 877 ut
624 854 670 878 haud
678 864 732 880 panca

144 891 182 903 eum
193 886 270 907 fugerint,
286 891 328 906 quae
340 887 426 907 perspicue
437 887 470 903 Dio
482 892 491 903 e
503 887 614 907 Thucydideis
628 886 731 903 orationibus

144 913 237 934 exscripsit.
261 913 341 933 Equidem
354 918 404 934 opera
415 913 432 930 in
444 913 531 930 rhetoricis
547 912 587 930 solis
602 913 678 934 partibus
694 918 731 930 con-

144 941 211 961 sumpta
222 940 348 961 perscrutandis
360 940 414 957 omnia
426 945 452 957 me
464 945 512 961 spero
524 940 587 957 eruisse
596 945 638 961 quae
646 940 683 961 Dio,
696 945 731 957 cnm

145 972 174 984 eas
190 967 288 988 elaboraret,
305 966 412 987 Thucydides
428 967 460 984 sibi
475 966 590 984 vindicaverit.
616 966 673 988 Atque
689 972 731 987 quae

144 999 188 1011 nova
199 994 256 1010 inveni
267 995 335 1014 praeter
347 993 451 1015 Litschiana,
463 994 543 1011 asterisco
555 994 618 1011 notavi.

189 1020 243 1037 Multa
255 1025 309 1037 eorum
322 1025 364 1041 qnae
375 1021 447 1037 laudabo
458 1021 568 1042 Thucydides,
580 1021 608 1038 elii
620 1025 683 1042 quoque
694 1025 731 1042 pos-

144 1047 210 1064 terioris
223 1047 285 1064 aetatis
299 1048 394 1068 scriptores,
409 1049 428 1064 ut
439 1047 530 1069 Appianas,
542 1048 630 1067 Arrianus,
641 1047 732 1069 Dionysius

145 1074 306 1095 Halicarnassensis,
319 1074 409 1095 Procopius
422 1074 537 1092 Caesariensis
549 1075 566 1092 in
578 1080 624 1092 sumn
636 1080 682 1092 usum
694 1079 732 1092 con-

145 1102 237 1122 verterunt,
249 1101 266 1118 id
278 1101 320 1121 quod
332 1102 352 1118 de
364 1101 434 1122 singulis
443 1102 536 1118 accuratius
545 1102 621 1123 persequi
629 1107 639 1119 a
647 1102 733 1123 provinc-ia

145 1133 182 1145 moa
193 1128 251 1149 procul
262 1129 321 1145 abesse
333 1128 410 1146 iudicavi.

189 1155 278 1172 Materiam
294 1155 318 1172 sic
334 1155 411 1177 disposui,
427 1157 447 1173 ut
463 1155 487 1172 eis
503 1155 606 1172 contionibus
621 1155 732 1177 principatum

146 1182 252 1199 concederem
264 1187 306 1203 quae
318 1182 389 1204 plurima
401 1183 422 1199 sd
430 1182 502 1199 officinm
513 1187 567 1199 meum
578 1182 673 1204 spectantia
681 1182 733 1204 porri-
